% This file was created with JabRef 2.9.2.
% Encoding: UTF8

@BOOK{SanPin2_2_2,
  title = {СанПиН 2.2.2/2.4.1340-03 (с изменениями от 25 апреля 2007 г.) «Гигиенические
	требования к персональным электронно-вычислительным машинам и организации
	работы.»},
  publisher = {Минздрав России},
  year = {2003},
  numpages = {32},
  address = {М.},
  language = "russian",
  owner = {PAN},
  timestamp = {2013.11.10}
}

